<?xml version="1.0" encoding="UTF-8"?><collection xmlns="http://www.loc.gov/MARC21/slim"><record><leader>00606nam--2200193-u-4500</leader><controlfield tag="001">000055229</controlfield><controlfield tag="002">20161230</controlfield><controlfield tag="005">20161230201052</controlfield><controlfield tag="008">121127s1000------------r-----000-0-rus-d</controlfield><datafield ind1=" " ind2=" " tag="040"><subfield code="a">IFIN-HH</subfield></datafield><datafield ind1=" " ind2=" " tag="041"><subfield code="a">rus</subfield></datafield><datafield ind1=" " ind2=" " tag="080"><subfield code="a">538.91:530.1</subfield></datafield><datafield ind1="1" ind2=" " tag="100"><subfield code="a">Ziman, J. M</subfield></datafield><datafield ind1="1" ind2="0" tag="245"><subfield code="a">Modeli besporiadka</subfield><subfield code="b">Teoreticeskaia fizika odnorodno neuporiadocennih sistem</subfield><subfield code="c">J.m. ziman</subfield></datafield><datafield ind1=" " ind2=" " tag="260"><subfield code="a">Moskva</subfield><subfield code="b">Mir</subfield><subfield code="c">1982</subfield></datafield><datafield ind1=" " ind2=" " tag="300"><subfield code="a">591P</subfield></datafield><datafield ind1=" " ind2=" " tag="500"><subfield code="a">Titlul Original In Limba Engleza: Models Of Disorder, The Theoretical Physics Of Homogeneously Disordered Systems</subfield></datafield><datafield ind1=" " ind2=" " tag="852"><subfield code="a">75641</subfield><subfield code="c">539.2</subfield></datafield><datafield ind1=" " ind2=" " tag="CAT"><subfield code="a">Sys</subfield><subfield code="c">20121127</subfield><subfield code="h">112246</subfield></datafield></record></collection>